LDR  01074nXm  2200253u  45  
005  19920326000000.0
008  890609s1951    it c          10010 lat d
035       $a 89-B3303
040       $c NIC $d CStRLIN $d CBGTU
111  2    $a Congressus Scotisticus Internationalis $n (1st : $d 1950 : $c Rome, Italy)
245  10   $a Scholastica ratione historico-critica instauranda. $b Acta Congressus Scholastici Internationalis Romae anno sancto MCML celebrati.
260  0    $a Romae, $b Pontificium Athenaeum Antonianum, $c 1951.
300       $a xxiii, 668 p. $b group ports. $c 22 cm.
490  1    $a Bibliotheca Pontificii Athenaei Antoniani, $v 7.
500       $a GTU: UNKNOWN TYPE - OUTPUT ERROR FIELD (04/02).
600  20   $a Duns Scotus, John, $d ca. 1266-1308.
650   0   $a Scholasticism $x Congresses.
650   0   $a Philosophy, Medieval.
830   0   $a Bibliotheca Pontificii Athenaei Antoniani ; $v 7.
852       $a GTB $b gtu $h B734 $i .C6
852       $a GTB $b sfts $h B734 $i .C6
852       $a GTB $b grar $h B734 $i .C6
901       $a GTB $b 1000004
998       $a GTB $b 1004 $c Record contains the invalid leader type X $d Release-027-000 $e 1000004

Record 3
