LDR  00795naX  2200217 a 45  
005  19931213000000.0
008  890609s1904    gw       b    00010 gerüd
035       $a 89-B3300
040       $a CBGTU $c CBGTU
045       $a e3k0
100  1    $a Dobschèutz, Ernst von, $d 1870-1934.
245  10   $a Probleme des apostolischen Zeitalters / $c von Ernst von Dobschèutz.
260  0    $a Leipzig : $b J.C. Hinrichs, $c 1904.
300       $a 138 p. ; $c 24 cm.
500       $a GTU: UNKNOWN BIBLVL - CREATE ERROR FIELD (04/02).
504       $a Includes bibliographical references.
650   0   $a Church history $y Early church, ca. 30-600.
852       $a GTB $b gtu $h BR165 $i .D58 1904
852       $a GTB $b sfts $h BR165 $i .D58 1904
901       $a GTB $b 1000001
998       $a GTB $b 1005 $c Record contains the invalid bibliographic level X $d Release-027-000 $e 1000001

Record 4
